% This file was created with JabRef 2.7.2.
% Encoding: UTF8

@ELECTRONIC{acmdl,
  author = {{Association for Computing Machinery}},
  year = {2009},
  title = {ACM Digital Library},
  note = {\url{http://portal.acm.org/dl.cfm}},
  url = {http://portal.acm.org/dl.cfm},
  owner = {ruempel},
  timestamp = {2009.09.04}
}

@INCOLLECTION{springerlink:10.1007/978-3-642-10601-9_6,
  author = {Bröring, Arne and Janowicz, Krzysztof and Stasch, Christoph and Kuhn,
	Werner},
  title = {Semantic Challenges for Sensor Plug and Play},
  booktitle = {Web and Wireless Geographical Information Systems},
  publisher = {Springer Berlin / Heidelberg},
  year = {2009},
  editor = {Carswell, James and Fotheringham, A. and McArdle, Gavin},
  volume = {5886},
  series = {Lecture Notes in Computer Science},
  pages = {72-86},
  note = {10.1007/978-3-642-10601-9_6},
  affiliation = {University of Muenster Institute for Geoinformatics Germany},
  isbn = {978-3-642-10600-2},
  keyword = {Computer Science},
  url = {http://dx.doi.org/10.1007/978-3-642-10601-9_6}
}

@ELECTRONIC{googlescholar,
  author = {Google},
  year = {2009},
  title = {Google Scholar},
  note = {\url{http://scholar.google.de/}},
  url = {http://scholar.google.de/}
}

@ELECTRONIC{ieeeexplore,
  author = {IEEE},
  year = {2009},
  title = {IEEE Xplore},
  note = {\url{http://ieeexplore.ieee.org/}},
  url = {http://ieeexplore.ieee.org/}
}

@MISC{seusdiplomfaq,
  author = {{Juniorprofessur Software Engineering ubiquitärer Systeme}},
  title = {Hinweise und Fragen zu studentischen Arbeiten},
  year = {2011},
  note = {\url{http://tu-dresden.de/die_tu_dresden/fakultaeten/fakultaet_informatik/smt/seus/lehre/vorlagen_stud_arbeiten}},
  owner = {franke},
  timestamp = {2012.08.03},
  url = {http://tu-dresden.de/die_tu_dresden/fakultaeten/fakultaet_informatik/smt/seus/lehre/vorlagen_stud_arbeiten}
}

@ARTICLE{knuth.literate84,
  author = {Donald E. Knuth},
  title = {Literate programming},
  journal = {Computer Journal},
  year = {1984},
  volume = {27},
  pages = {97--111},
  number = {2},
  address = {Oxford, UK},
  issn = {0010-4620},
  publisher = {Oxford University Press}
}

@BOOK{lamportlatex,
  title = {LATEX. A document preparation system. User's Guide and ReferenceManual},
  publisher = {Addison-Wesley Longman},
  year = {1994},
  author = {Leslie Lamport},
  address = {Amsterdam},
  edition = {2.}
}

@MISC{mmtdiplomvorlage,
  author = {{Lehrstuhl für Multimediatechnik}},
  title = {Diplomarbeitsvorlage},
  year = {2012},
  note = {\url{http://mmt.inf.tu-dresden.de/Service/diplomfaq.xhtml}},
  owner = {ruempel},
  timestamp = {2009.09.04},
  url = {http://mmt.inf.tu-dresden.de/Service/diplomfaq.xhtml}
}

@INPROCEEDINGS{nm.epinjava,
  author = {Kurt Nørmark and Max Andersen and Claus Christensen and Vathanan
	Kumar and Søren Staun-Pedersen and Kristian Sørensen},
  title = {Elucidative programming in Java},
  booktitle = {Proceedings of IEEE professional communication society international
	professional communication conference and Proceedings of the 18th
	annual ACM international conference on Computer documentation (IPCC/SIGDOC
	'00)},
  year = {2000},
  pages = {483--495},
  address = {Piscataway, NJ, USA},
  publisher = {IEEE Educational Activities Department},
  isbn = {0-7803-6431-7},
  location = {Cambridge, Massachusetts}
}

@ELECTRONIC{smartquestions,
  author = {Eric Steven Raymond},
  year = {2008},
  title = {How To Ask Questions The Smart Way},
  note = {\url{http://www.catb.org/~esr/faqs/smart-questions.html}},
  url = {http://www.catb.org/~esr/faqs/smart-questions.html}
}

@BOOK{scheibl85,
  title = {Wie dokumentiere ich ein DV-Projekt? Dokumentationsverfahren in Theorie
	und Praxis},
  publisher = {TÜV Media GmbH},
  year = {1985},
  author = {Hans-Jürgen Scheibl},
  address = {Sindelfingen}
}

@ELECTRONIC{springerlink,
  author = {Springer},
  year = {2009},
  title = {SpringerLink},
  note = {\url{http://www.springerlink.de/}},
  url = {http://www.springerlink.de/}
}

@ELECTRONIC{citeseerx,
  author = {{The Pennsylvania State University}},
  year = {2007},
  title = {CiteSeerX},
  note = {\url{http://citeseerx.ist.psu.edu/}},
  url = {http://citeseerx.ist.psu.edu/}
}

